<?xml version="1.0" encoding="UTF-8"?><collection xmlns="http://www.loc.gov/MARC21/slim"><record><leader>00386nam--2200145-i-4500</leader><controlfield tag="001">000033802</controlfield><controlfield tag="002">20161230</controlfield><controlfield tag="005">20161230201039</controlfield><controlfield tag="008">060222s1000------------r-----000-0-eng-d</controlfield><datafield ind1=" " ind2=" " tag="080"><subfield code="a">65.012</subfield></datafield><datafield ind1=" " ind2=" " tag="100"><subfield code="a">Nemes, Aurel</subfield></datafield><datafield ind1=" " ind2=" " tag="245"><subfield code="a">Metode economico-matematice in activitatea de conducere</subfield></datafield><datafield ind1=" " ind2=" " tag="260"><subfield code="a">Bucuresti, Inid, 1980. 84p</subfield></datafield><datafield ind1=" " ind2=" " tag="490"><subfield code="a">Probleme Ale Conducerii Moderne</subfield></datafield><datafield ind1=" " ind2=" " tag="852"><subfield code="a">48237</subfield></datafield></record></collection>